@article{Aycock2003,
	author       = {Aycock, John},
	title        = {{A brief history of just-in-time}},
	journaltitle = {ACM Comput. Surv.},
	date         = {2003},
	volume = {35},
	number = {2},
	pages = {97-113},
	publisher = {Association for Computing Machinery},
	doi = {10.1145/857076.857077}
}

@article{Baldi1989,
	author       = {Pierre Baldi and Kurt Hornik},
	title        = {{Neural networks and principal component analysis: Learning from examples without local minima}},
	journaltitle = {Neural Networks},
	date         = {1989},
	volume       = {2},
	number       = {1},
	pages        = {53-58},
	publisher    = {Elsevier},
	doi          = {10.1016/0893-6080(89)90014-2},
}

@article{Bates2013,
	author       = {Douglas Bates and Dirk Eddelbuettel},
	title        = {{Fast and Elegant Numerical Linear Algebra Using the {RcppEigen} Package}},
	journaltitle = {Journal of Statistical Software},
	date         = {2013},
	volume       = {52},
	number       = {5},
	pages        = {1--24},
	publisher    = {Foundation for Open Access Statistics},
	doi          = {10.18637/jss.v052.i05},
}

@article{Berman2014,
	author       = {Berman, Gordon J.  and Choi, Daniel M.  and Bialek, William  and Shaevitz, Joshua W. },
	title        = {{Mapping the stereotyped behaviour of freely moving fruit flies}},
	journaltitle = {Journal of The Royal Society Interface},
	date         = {2014},
	volume       = {11},
	number       = {99},
	pages        = {20140672},
	publisher    = {The Royal Society},
	doi          = {10.1098/rsif.2014.0672}
}

@article{Bentley1980,
	author       = {Bentley, Jon Louis and Haken, Dorothea and Saxe, James B.},
	title        = {{A general method for solving divide-and-conquer recurrences}},
	journaltitle = {SIGACT News},
	date         = {1980},
	volume       = {12},
	number       = {3},
	pages        = {36--44},
	publisher    = {Association for Computing Machinery},
	doi          = {10.1145/1008861.1008865},
}

@article{Chen2009,
	author       = {Lisha Chen and Andreas Buja},
	title        = {{Local Multidimensional Scaling for Nonlinear Dimension Reduction, Graph Drawing, and Proximity Analysis}},
	journaltitle = {Journal of the American Statistical Association},
	volume       = {104},
	number       = {485},
	pages        = {209--219},
	date         = {2009},
	publisher    = {ASA Website},
	doi          = {10.1198/jasa.2009.0111}
}

@article{Delicado2024,
	author       = {Delicado, Pedro and Pachón-García, Cristian},
	title        = {{Multidimensional scaling for big data}},
	journaltitle = {Advances in Data Analysis and Classification},
	date         = {2024},
	publisher    = {Springer},
	doi          = {10.1007/s11634-024-00591-9},
}

@article{Gower1966,
	author       = {Gower, John C},
	title        = {{Some distance properties of latent root and vector methods used in multivariate analysis}},
	journaltitle = {Biometrika},
	volume       = {53},
	number       = {3-4},
	pages        = {325--338},
	date         = {1966},
	publisher    = {Oxford University Press},
	doi          = {10.1093/biomet/53.3-4.325}
}

@article{Gower1968,
	author       = {Gower, John C},
	title        = {{Adding a point to vector diagrams in multivariate analysis}},
	journaltitle = {Biometrika},
	date         = {1968},
	volume       = {55},
	number       = {3},
	pages        = {582--585},
	publisher    = {Oxford University Press},
	doi          = {10.1093/biomet/55.3.582}
}

@article{Guttman1968,
	author       = {Guttman, Louis},
	title        = {{A General Nonmetric Technique for Finding the Smallest Coordinate Space for a Configuration of Points}},
	journaltitle = {Psychometrika},
	date         = {1968},
	volume       = {33},
	number       = {4},
	pages        = {469-506},
	publisher    = {Springer},
	doi          = {10.1007/BF02290164}
}

@article{Harris2020,
 author       = {Charles R. Harris and K. Jarrod Millman and St{\'{e}}fan J. van der Walt and Ralf Gommers and Pauli Virtanen and David Cournapeau and Eric Wieser and Julian Taylor and Sebastian Berg and Nathaniel J. Smith and Robert Kern and Matti Picus and Stephan Hoyer and Marten H. van Kerkwijk and Matthew Brett and Allan Haldane and Jaime Fern{\'{a}}ndez del R{\'{i}}o and Mark Wiebe and Pearu Peterson and Pierre G{\'{e}}rard-Marchant and Kevin Sheppard and Tyler Reddy and Warren Weckesser and Hameer Abbasi and Christoph Gohlke and Travis E. Oliphant},
 title        = {{Array programming with {NumPy}}},
 date         = {2020},
 journaltitle = {Nature},
 volume        = {585},
 number        = {7825},
 pages         = {357--362},
 publisher     = {Springer Science and Business Media {LLC}},
 doi           = {10.1038/s41586-020-2649-2}
}


@article{Hinterreiter2023,
	author       = {Hinterreiter, Andreas and Humer, Christina and Kainz, Bernhard and Streit, Marc},
	title        = {{ParaDime}},
	subtitle     = {{A Framework for Parametric Dimensionality Reduction}},
	journaltitle = {Computer Graphics Forum},
	date         = {2023},
	volume       = {42},
	number       = {3},
	pages        = {337-348},
	publisher    = {Wiley Blackwell (Blackwell Publishing)},
	doi          = {10.1111/cgf.14834}
}

@article{Hunter2007,
  author       = {Hunter, J. D.},
  title        = {{Matplotlib}},
  subtitle     = {{A 2D graphics environment}},
  journaltitle = {Computing in Science \& Engineering},
  date         = {2007},
  volume       = {9},
  number       = {3},
  pages        = {90--95},
  publisher    = {IEEE COMPUTER SOC},
  doi          = {10.1109/MCSE.2007.55}
}

@article{Kristof1970,
	author       = {Walter Kristof},
	title        = {A theorem on the trace of certain matrix products and some applications},
	journaltitle = {Journal of Mathematical Psychology},
	date         = {1970},
	volume       = {7},
	number       = {3},
	pages        = {515-530},
	doi          = {10.1016/0022-2496(70)90037-4}
}

@article{Kruskal1964a,
	author       = {Kruskal, Joseph B.},
	title        = {{Multidimensional scaling by optimizing goodness of fit to a nonmetric hypothesis}},
	journaltitle = {Psychometrika},
	date         = {1964},
	volume       = {29},
	number       = {1},
	pages        = {1--27},
	publisher    = {Springer},
	doi          = {10.1007/BF02289565},
}

@article{Kruskal1964b,
	author       = {Kruskal, Joseph B},
	title        = {{Nonmetric multidimensional scaling}},
	subtitle     = {{A numerical method}},
	journaltitle = {Psychometrika},
	volume       = {29},
	number       = {2},
	pages        = {115--129},
	date         = {1964},
	publisher    = {Springer},
	doi          = {10.1007/BF02289694}
}

@article{Kristof1970,
	author       = {Walter Kristof},
	title        = {{A theorem on the trace of certain matrix products and some applications}},
	journaltitle = {Journal of Mathematical Psychology},
	date         = {1970},
	volume       = {7},
	number       = {3},
	pages        = {515-530},
	publisher    = {Elsevier},
	doi          = {10.1016/0022-2496(70)90037-4}	
}

@article{Kraemer2018,
	author       = {Guido Kraemer and Markus Reichstein and Miguel D. Mahecha},
	title        = {{dimRed and coRanking---Unifying Dimensionality Reduction in R}},
	journaltitle = {The R Journal},
	date         = {2018},
	volume       = {10},
	number       = {1},
	pages        = {342--358},
	publisher    = {The R Foundation},
	doi          = {10.32614/RJ-2018-039}
}

@article{Kramer1991,
	author      = {Kramer, Mark A.},
	title       = {{Nonlinear principal component analysis using autoassociative neural networks}},
	journaltitle = {AIChE Journal},
	date         = {1991},
	volume       = {37},
	number       = {2},
	pages        = {233-243},
	publisher    = {Wiley Blackwell (John Wiley & Sons)},
	doi          = {10.1002/aic.690370209},
}

@article{Lee2009,
	author       = {Lee, Seunghak and Choi, Seungjin},
	title        = {{Landmark MDS ensemble}},
	journaltitle = {Pattern recognition},
	volume       = {42},
	number       = {9},
	pages        = {2045--2053},
	date         = {2009},
	publisher    = {Elsevier},
	doi          = {10.1016/j.patcog.2008.11.039}
}

@article{Lees2018,
    author       = {Lees, John A and Galardini, Marco and Bentley, Stephen D and Weiser, Jeffrey N and Corander, Jukka},
    title        = {{pyseer}},
	subtitle     = {{A comprehensive tool for microbial pangenome-wide association studies}},
    journaltitle = {Bioinformatics},
    date         = {2018},
    volume       = {34},
    number       = {24},
    pages        = {4310-4312},
	publisher    = {Oxford University Press},
    doi          = {10.1093/bioinformatics/bty539}
}

@article{Leeuw2009,
	author       = {de Leeuw, Jan and Mair, Patrick},
	title        = {{Multidimensional Scaling Using Majorization}},
	subtitle     = {{SMACOF in R}},
	journaltitle = {Journal of Statistical Software},
	date         = {2009},
	volume       = {31},
	number       = {3},
	pages        = {1-30},
	publisher    = {Foundation for Open Access Statistics},
	doi          = {10.18637/jss.v031.i03}
}

@article{Linderman2019,
	author       = {Linderman, George C. and Rachh, Manas and Hoskins, Jeremy G. and Steinerberger, Stefan and Kluger, Yuval},
	title        = {{Fast interpolation-based t-SNE for improved visualization of single-cell RNA-seq data}},
	journaltitle = {Nature Methods},
	date         = {2019},
	volume       = {16},
	number       = {3},
	pages        = {243--245},
	publisher    = {Nature Publishing Group},
	doi          = {10.1038/s41592-018-0308-4}
}

@article{Mardia1978,
	author       = {K.V. Mardia},
	title        = {{Some properties of clasical multi-dimesional scaling}},
	journaltitle = {Communications in Statistics - Theory and Methods},
	volume       = {7},
	number       = {13},
	pages        = {1233-1241},
	date         = {1978},
	publisher    = {Taylor & Francis},
	doi          = {10.1080/03610927808827707}
}

@article{Menvouta2023,
	author       = {Emmanuel Jordy Menvouta and Sven Serneels and Tim Verdonck},
	title        = {{direpack}},
	subtitle     = {A Python 3 package for state-of-the-art statistical dimensionality reduction methods},
	journaltitle = {SoftwareX},
	date         = {2023},
	volume       = {21},
	eid        = {101282},
	publisher    = {Elsevier},
	doi          = {10.1016/j.softx.2022.101282}
}

@article{Moon2019,
	author       = {Moon, Kevin R. and van Dijk, David and Wang, Zheng and Gigante, Scott and Burkhardt, Daniel B. and Chen, William S. and Yim, Kristina and Elzen, Antonia van den and Hirn, Matthew J. and Coifman, Ronald R. and Ivanova, Natalia B. and Wolf, Guy and Krishnaswamy, Smita},
	title        = {{Visualizing structure and transitions in high-dimensional biological data}},
	journaltitle = {Nature Biotechnology},
	date         = {2019},
	volume       = {37},
	number       = {12},
	pages        = {1482--1492},
	publisher    = {Nature Publishing Group},
	doi          = {10.1038/s41587-019-0336-3}
}

@article{Paradis2018,
	author       = {Emmanuel Paradis},
	title        = {{Multidimensional Scaling With Very Large Datasets}},
	journaltitle = {Journal of Computational and Graphical Statistics},
	date         = {2018},
	volume       = {27},
	number       = {4},
	pages        = {935--939},
	publisher    = {Taylor \& Francis},
	doi          = {10.1080/10618600.2018.1470001},
}

@article{Paradis2022,
    author       = {Paradis, Emmanuel},
    title        = {{Reduced multidimensional scaling}},
    journaltitle = {Computational Statistics},
    date         = {2022},
    volume       = {37},
    number       = {1},
    pages        = {91--105},
    publisher    = {Springer Nature},
    doi          = {10.1007/s00180-021-01116-0},
}

@article{Pearson1901,
  author       = {Karl Pearson},
  title        = {{LIII. On lines and planes of closest fit to systems of points in space}},
  journaltitle = {The London, Edinburgh, and Dublin Philosophical Magazine and Journal of Science},
  date         = {1901},
  volume       = {2},
  number       = {11},
  pages        = {559--572},
  publisher    = {Taylor \& Francis},
  doi          = {10.1080/14786440109462720}
}

@article{Pedregosa2011,
	author       = {Pedregosa, Fabian and Varoquaux, Ga{\"e}l and Gramfort, Alexandre and Michel, Vincent and Thirion, Bertrand and Grisel, Olivier and Blondel, Mathieu and Prettenhofer, Peter and Weiss, Ron and Dubourg, Vincent and others},
	title        = {{Scikit-learn}},
	subtitle     = {{Machine learning in Python}},
	journaltitle = {Journal of machine learning research},
	date         = {2011},
	volume       = {12},
	number       = {Oct},
	pages        = {2825--2830},
	publisher    = {JMLR}
}

@article{Policar2024,
    author       = {Poličar, Pavlin G. and Stražar, Martin and Zupan, Blaž},
    title        = {openTSNE},
	subtitle     = {{A Modular Python Library for t-SNE Dimensionality Reduction and Embedding}},
    journaltitle = {Journal of Statistical Software},
    date         = {2024},
    volume       = {109},
    number       = {3},
    pages        = {1-30},
	publisher    = {Foundation for Open Access Statistics},
    doi          = {10.18637/jss.v109.i03}
}

@article{Saeed2018,
	author       = {Saeed, Nasir and Nam, Haewoon and Haq, Mian Imtiaz Ul and Muhammad Saqib, Dost Bhatti},
	title        = {{A survey on multidimensional scaling}},
	journaltitle = {ACM Computing Surveys (CSUR)},
	volume       = {51},
	number       = {3},
	pages        = {1--25},
	date         = {2018},
	publisher    = {Association for computing machinery},
	doi          = {10.1145/3178155}
}

@article{Schoch2023,
	author       = {{David Schoch}},
	title        = {{graphlayouts}},
	subtitle     = {{Layout algorithms for network visualizations
	in R}},
	journaltitle = {Journal of Open Source Software},
	date         = {2023},
	volume       = {8},
	number       = {84},
	pages        = {5238},
	publisher    = {The Open Journal},
	doi          = {10.21105/joss.05238}
}

@article{Shepard1962a,
	author       = {Shepard, Roger N},
	title        = {The analysis of proximities},
	subtitle     = {Multidimensional scaling with an unknown distance function. I.},
	journaltitle = {Psychometrika},
	volume       = {27},
	number       = {2},
	pages        = {125--140},
	date         = {1962},
	publisher    = {Springer}
}

@article{Shepard1962b,
	author       = {Shepard, Roger N},
	title        = {{The analysis of proximities}},
	subtitle     = {{Multidimensional scaling with an unknown distance function. II}},
	journaltitle = {Psychometrika},
	volume       = {27},
	number       = {3},
	pages        = {219--246},
	date         = {1962},
	publisher    = {Springer},
	doi          = {10.1007/BF02289621}
}

@article{Tenenbaum2000,
	author       = {Joshua B. Tenenbaum  and Vin de Silva  and John C. Langford },
	title        = {{A Global Geometric Framework for Nonlinear Dimensionality Reduction}},
	journaltitle = {Science},
	volume       = {290},
	number       = {5500},
	pages        = {2319-2323},
	date         = {2000},
	publisher    = {American Association for the Advancement of Science},
	doi          = {10.1126/science.290.5500.2319}
}

@article{Torgerson1952,
	author       = {Torgerson, Warren S.},
	title        = {{Multidimensional scaling}},
	subtitle     = {{I. Theory and method}},
	journaltitle = {Psychometrika},
	date         = {1952},
	volume       = {17},
	number       = {4},
	pages        = {401--419},
	publisher    = {Springer},
	doi          = {10.1007/BF02288916},
}

@article{Vandermaaten2008,
	author       = {Laurens van der Maaten and Geoffrey Hinton},
	title        = {{Visualizing Data using t-SNE}},
	journaltitle = {Journal of Machine Learning Research},
	date         = {2008},
	volume       = {9},
	number       = {86},
	pages        = {2579--2605}
}

@article{Vandermaaten2014,
	author       = {Laurens van der Maaten},
	title        = {{Accelerating t-SNE using Tree-Based Algorithms}},
	journaltitle = {Journal of Machine Learning Research},
	date         = {2014},
	volume       = {15},
	number       = {93},
	pages        = {3221--3245},
	publisher    = {JMLR}
}

@article{Venna2006,
	author       = {Jarkko Venna and Samuel Kaski},
	title        = {Local multidimensional scaling},
	journaltitle = {Neural Networks},
	date         = {2006},
	volume       = {19},
	number       = {6},
	pages        = {889-899},
	publisher    = {Elsevier},
	doi          = {10.1016/j.neunet.2006.05.014}
}

@article{Wattenberg2016,
	author       = {Wattenberg, Martin and Viégas, Fernanda and Johnson, Ian},
	title        = {{How to Use t-SNE Effectively}},
	journaltitle = {Distill},
	date         = {2016},
	doi          = {10.23915/distill.00002},
	url          = {http://distill.pub/2016/misread-tsne}
}

@article{Wu2000,
	author       = {Wu, Kesheng and Simon, Horst},
	title        = {{Thick-Restart Lanczos Method for Large Symmetric Eigenvalue Problems}},
	journaltitle = {SIAM Journal on Matrix Analysis and Applications},
	date         = {2000},
	volume       = {22},
	number       = {2},
	pages        = {602-616},
	publisher    = {Society for Industrial and Applied Mathematics},
	doi          = {10.1137/S0895479898334605},
}

@article{Yamazaki2010,
	author       = {Yamazaki, Ichitaro and Bai, Zhaojun and Simon, Horst and Wang, Lin-Wang and Wu, Kesheng},
	title        = {{Adaptive Projection Subspace Dimension for the Thick-Restart Lanczos Method}},
	journaltitle = {ACM Transactions on Mathematical Software},
	date         = {2010},
	volume       = {37},
	number       = {3},
	eid          = {27},
	pagetotal    = {18},
	publisher    = {Association for Computing Machinery},
	doi          = {10.1145/1824801.1824805},
}

@article{You2022,
	author       = {Kisung You and Dennis Shung},
	title        = {{{Rdimtools}}},
	subtitle     = {{An {R} Package for Dimension Reduction and Intrinsic Dimension Estimation}},
	journaltitle = {Software Impacts},
	date         = {2022},
	volume       = {14},
	pages        = {100414},
	doi          = {10.1016/j.simpa.2022.100414}
}

@article{Zhang2021,
	author       = {Haili Zhang and Pu Wang and Xuejin Gao and Yongsheng Qi and Huihui Gao},
	title        = {{Out-of-sample data visualization using bi-kernel t-SNE}},
	journaltitle = {Information Visualization},
	date         = {2021},
	volume       = {20},
	number       = {1},
	pages        = {20-34},
	publisher    = {Sage Publications},
	doi          = {10.1177/1473871620978209}
}

@book{Borg2005,
	author    = {Borg, I. and Groenen, P.},
	title     = {{Modern Multidimensional Scaling}},
	subtitle  = {{Theory and Applications}},
	date      = {2005},
	isbn      = {978-0-387-25150-9},
	publisher = {Springer}
}

@book{Krzanowski2000,
	author    = {Krzanowski, Wojtek},
	title     = {{Principles of Multivariate Analysis}},
	subtitle  = {{A User's Perspective}},
	date      = {2000},
	isbn      = {978-0-198-50708-6},
	publisher = {Oxford University Press}
}

@book{Gower1995,
	author    = {Gower, John C. and Hand, David J.},
	title     = {{Biplots}},
	date      = {1995},
	isbn      = {978-0-412-71630-0},
	publisher = {Chapman and Hall/CRC}
}

@book{Johnson2002,
	author    = {Johnson, Richard Arnold and Wichern, Dean W.},
	title     = {{Applied Multivariate Statistical Analysis}},
	date      = {2002},
	isbn      = {978-0-130-92553-4},
	publisher = {Prentice Hall}
}

@book{Mardia1979,
	author    = {Mardia, KV and Kent, M and Bibby, JM },
	title     = {Multivariate analysis},
	date      = {1979},
	isbn      = {978-0-124-71250-8},
	publisher = {Academic Press}
}

@book{Trefethen1997,
	author    = {Trefethen, Lloyd N. and Bau, David},
	title     = {{Numerical Linear Algebra}},
	date      = {1997},
	isbn      = {0898713617},
	publisher = {Society for Industrial and Applied Mathematics}
}

@incollection{Kluyver2016,
    author    = {{Kluyver}, Thomas and {Ragan-Kelley}, Benjain and {P{\'e}rez}, Fernando and {Granger}, Brian and {Bussonnier}, Matthias and {Frederic}, Jonathan and {Kelley}, Kyle and {Hamrick}, Jessica and {Grout}, Jason and {Corlay}, Sylvain and {Ivanov}, Paul and {Avila}, Dami{\'a}n and {Abdalla}, Safia and {Willing}, Carol and {Jupyter Development Team}},
    title     = {{Jupyter Notebooks{\textemdash}a publishing format for reproducible computational workflows}},
    booktitle = {IOS Press},
    date      = {2016},
    pages     = {87-90},
	publisher = {IOS Press},
	doi       = {10.3233/978-1-61499-649-1-87}
}

@inproceedings{Basalaj1999,
	author       = {Wojciech Basalaj},
	title        = {{Incremental multidimensional scaling method for database visualization}},
	booktitle    = {{Visual Data Exploration and Analysis VI}},
	date         = {1999},
	volume       = {3643},
	organization = {International Society for Optics and Photonics},
	pages        = {149 -- 158},
	doi          = {10.1117/12.342830},
	editor       = {Robert F. Erbacher and Philip C. Chen and Craig M. Wittenbrink},
	publisher    = {SPIE}
}

@inproceedings{Bengio2003,
	author    = {Bengio, Yoshua and Paiement, Jean-fran\c{c}cois and Vincent, Pascal and Delalleau, Olivier and Roux, Nicolas and Ouimet, Marie},
	title     = {{Out-of-Sample Extensions for LLE, Isomap, MDS, Eigenmaps, and Spectral Clustering}},
	booktitle = {Advances in Neural Information Processing Systems},
	date      = {2003},
	volume    = {16},
	editor    = {S. Thrun and L. Saul and B. Sch\"{o}lkopf},
	publisher = {MIT Press},
}

@inproceedings{Brandes2007,
	author    = {Brandes, Ulrik and Pich, Christian},
	title     = {{Eigensolver Methods for Progressive Multidimensional Scaling of Large Data}},
	booktitle = {{Graph Drawing}},
	date      = {2007},
	pages     = {42--53},
	doi       = {10.1007/978-3-540-70904-6_6},
	editor    = {Kaufmann, Michael and Wagner, Dorothea},
	publisher = {Springer},
}

@inproceedings{Cohen2017,
	author    = {Cohen, Gregory and Afshar, Saeed and Tapson, Jonathan and van Schaik, André},
	title     = {{EMNIST}},
	subtitle  = {{Extending MNIST to handwritten letters}},
	booktitle = {{2017 International Joint Conference on Neural Networks (IJCNN)}},
	date      = {2017},
	pages     = {2921--2926},
	doi       = {10.1109/IJCNN.2017.7966217},
	publisher = {IEEE},
}

@inproceedings{Faloutsos1995,
	author    = {Faloutsos, Christos and Lin, King-Ip},
	title     = {{FastMap}},
	subtitle  = {{A Fast Algorithm for Indexing, Data-Mining and Visualization of Traditional and Multimedia Datasets}},
	booktitle = {{Proceedings of the 1995 ACM SIGMOD International Conference on Management of Data}},
	date      = {1995},
	pages     = {163--174},
	doi       = {10.1145/223784.223812},
	publisher = {Association for Computing Machinery},
}

@inproceedings{Gisbrecht2012,
	title={Out-of-sample kernel extensions for nonparametric dimensionality reduction},
	author={Andrej Gisbrecht and Wouter Lueks and Bassam Mokbel and Barbara Hammer},
	booktitle={The European Symposium on Artificial Neural Networks},
	date ={2012},
	url={https://api.semanticscholar.org/CorpusID:15613611}
}

@inproceedings{Lam2015,
	author    = {Lam, Siu Kwan and Pitrou, Antoine and Seibert, Stanley},
	title     = {{Numba}},
	subtitle  = {{A llvm-based python jit compiler}},
	booktitle = {{Proceedings of the Second Workshop on the LLVM Compiler Infrastructure in HPC}},
	date      = {2015},
	pages     = {1--6},
	isbn      = {978-1-4503-4005-2},
	doi       = {10.1145/2833157.2833162},
	publisher = {Association for Computing Machinery}
}

@inproceedings{Mckinney2010,
  author    = {{W}es {M}c{K}inney},
  title     = {{{D}ata {S}tructures for {S}tatistical {C}omputing in {P}ython}},
  booktitle = {{{P}roceedings of the 9th {P}ython in {S}cience {C}onference}},
  date      = {2010},
  pages     = {56 - 61},
  editor    = {St\'efan van der Walt and Jarrod Millman},
  publisher = {SciPy},
  doi       = {10.25080/Majora-92bf1922-00a}
}

@inproceedings{Platt2005,
	author    = {Platt, John},
	title     = {{FastMap, MetricMap, and Landmark MDS are all Nyström Algorithms}},
	booktitle = {{Proceedings of the Tenth International Workshop on Artificial Intelligence and Statistics}},
	date      = {2005},
	volume    = {R5},
	pages     = {261--268},
	editor    = {Cowell, Robert G. and Ghahramani, Zoubin},
	publisher = {PMLR},
}

@inproceedings{Reichmann2024,
	author    = {Reichmann, Luca and Hägele, David and Weiskopf, Daniel},
	title     = {Out-of-Core Dimensionality Reduction for Large Data via Out-of-Sample Extensions},
	booktitle = {2024 IEEE 14th Symposium on Large Data Analysis and Visualization (LDAV)},
	date      = {2024},
	pages     = {43-53},
	isbn      = {979-8-3315-1692-5},
	doi       = {10.1109/LDAV64567.2024.00008},
	publisher = {Institute of Electrical and Electronics Engineers}
}

@inproceedings{Řehůřek2010,
    author    = {Radim Řehůřek and Petr Sojka},
    title     = {{Software Framework for Topic Modelling with Large Corpora}},
    booktitle = {{Proceedings of the LREC 2010 Workshop on New Challenges for NLP Frameworks}},
    date      = {2010},
    pages     = {45--50},
	doi       = {10.13140/2.1.2393.1847},
    publisher = {ELRA}
}

@inproceedings{Schoeneman2018,
	author    = {Schoeneman, Frank and Zola, Jaroslaw },
	title     = {{Scalable Manifold Learning for Big Data with Apache Spark}},
	booktitle = {2018 IEEE International Conference on Big Data (Big Data)},
	date      = {2018},
	pages     = {272-281},
	doi       = {10.1109/BigData.2018.8622617},
	publisher = {IEEE Computer Society}
}

@inproceedings{Silva2002,
	author    = {Silva, Vin and Tenenbaum, Joshua},
	title     = {{Global Versus Local Methods in Nonlinear Dimensionality Reduction}},
	booktitle = {{Advances in Neural Information Processing Systems}},
	date      = {2002},
	volume    = {15},
	editor    = {S. Becker and S. Thrun and K. Obermayer},
	publisher = {MIT Press}
}

@inproceedings{Wang1999,
	author    = {Wang, Jason Tsong-Li and Wang, Xiong and Lin, King-Ip and Shasha, Dennis and Shapiro, Bruce A. and Zhang, Kaizhong},
	title     = {{Evaluating a Class of Distance-Mapping Algorithms for Data Mining and Clustering}},
	booktitle = {{Proceedings of the Fifth ACM SIGKDD International Conference on Knowledge Discovery and Data Mining}},
	date      = {1999},
	pages     = {307-311},
	doi       = {10.1145/312129.312264},
	isbn      = {1581131437},
	publisher = {Association for Computing Machinery}
}

@inproceedings{Yang2006,
	author    = {Tynia Yang and Jinze Liu and Leonard McMillan and Wei Wang},
	title     = {{A fast approximation to multidimensional scaling}},
	booktitle = {{Proceedings of the ECCV Workshop on Computation Intensive Methods for Computer Vision (CIMCV)}},
	date      = {2006},
	publisher = {Springer},
}

@manual{Korobeynikov2022,
	author  = {Anton Korobeynikov and Rasmus Munk Larsen and Lawrence Berkeley National Laboratory},
	title   = {{svd}},
	subtitle = {{Interfaces to Various State-of-Art SVD and Eigensolvers}},
	date    = {2022},
	version = {0.5.2},
	url     = {https://CRAN.R-project.org/package=svd}
}

@manual{Mersmann2023,
	title    = {{microbenchmark}}, 
	subtitle = {{Accurate Timing Functions}},
	author   = {Olaf Mersmann}, 
	date     = {2023}, 
	version  = {1.4.10},
	url      = {https://CRAN.R-project.org/package=microbenchmark}
}

@manual{Poličar2023,
  author   = {Pavlin Poličar},
  title    = {{openTSNE}},
  subtitle = {{Extensible, parallel implementations of t-SNE}},
  date     = {2023},
  version  = {1.0.2},
  url      = {https://opentsne.readthedocs.io/en/stable/benchmarks.html}
}

@manual{RCoreTeam,
	author       = {{R Core Team}},
	title        = {{R}},
	subtitle     = {{A Language and Environment for Statistical Computing}},
	date         = {2023},
	organization = {R Foundation for Statistical Computing},
	address      = {Vienna, Austria},
	url          = {https://www.R-project.org/},
}

@manual{Wong2013,
	author   = {Jeffrey Wong},
	title    = {{pdist}},
	subtitle = {{Partitioned Distance Function}},
    date     = {2013},
	version  = {1.2},
    url      = {https://CRAN.R-project.org/package=pdist}
}

@misc{Grother1970,
	author   = {Patrick J. Grother},
	title    = {{NIST Special Database 19}},
	subtitle = {{NIST Handprinted Forms and Characters Database}},
	date     = {1995},
	doi      = {10.18434/T4H01C},
}

@misc{LeCun2010,
	author = {LeCun, Yann and Cortes, Corinna and Burges, Christopher J. C.},
	title  = {{MNIST handwritten digit database}},
	date   = {2010},
}

@online{NIST2024,
  author = {National Institute of Standards and Technology},
  title = {{The EMNIST dataset}},
  date = 2024,
  url = {https://www.nist.gov/itl/products-and-services/emnist-dataset},
  urldate = {2025-05-30}
}

@software{McInnes2018b,
	author       = {Leland McInnes and John Healy and Nathaniel Saul and Lukas Großberger},
	title        = {{UMAP}},
	subtitle     = {{Uniform Manifold Approximation and Projection}},
	journaltitle = {Journal of Open Source Software},
	date         = {2018},
	volume       = {3},
	number       = {29},
	pages        = {861},
	publisher    = {The Open Journal},
	doi          = {10.21105/joss.00861}
}

@software{Spiwokv2007,
	author   = {spiwokv},
	title    = {{Pysomap}},
	subtitle = {{Python Library for Isometric Feature Mapping (Isomap)}},
	date     = {2007},
	url      = {https://web.vscht.cz/~spiwokv/}
}

@software{Ulyanov2016,
	author  = {Ulyanov, Dmitry},
	title   = {{Multicore-TSNE}},
	date    = {2016},
	url     = {https://github.com/DmitryUlyanov/Multicore-TSNE},
	version = {0.1}
}

@thesis{PachónGarcía2019, 
	author      = {Pachón-García, Cristian},
	title       = {{Multidimensional scaling for Big Data}},
	date        = {2019},
	url         = {http://hdl.handle.net/2117/127318},
	type        = {Master's thesis},
	institution = {Facultat de Matemàtiques i Estadística (UPC)},
}

@unpublished{McInnes2018a,
     author = {{McInnes}, L. and {Healy}, J. and {Melville}, J.},
     title = {{UMAP}},
	 subtitle = {{Uniform Manifold Approximation and Projection for Dimension Reduction}},
     date = {2018},
	 url = {https://doi.org/10.48550/arXiv.1802.03426},
	 howpublished = {ArXiv e-prints}
}

@unpublished{Mcqueen2016,
    author        = {James McQueen and Marina Meila and Jacob VanderPlas and Zhongyue Zhang},
    title         = {{megaman}}, 
	subtitle      = {{Manifold Learning with Millions of points}},
    date          = {2016},
    url           = {https://doi.org/10.48550/arXiv.1603.02763},
	howpublished  = {ArXiv e-prints}
}

@unpublished{DeSilva2004,
	author = {De Silva, Vin and Tenenbaum, Joshua B.},
	title  = {{Sparse multidimensional scaling using landmark points}},
	date   = {2004},
}

@unpublished{Salah2020,
	author = {Salah Eddine, Henouda and Kazar, Okba and fatima, laalam and Merizig, Abdelhak},
	title  = {{Comparative study for dimensionality reduction techniques for big data}},
	date   = {2020},
	url    = {https://www.researchgate.net/publication/344770516_Comparative_study_for_dimensionality_reduction_techniques_for_big_data}
}